%% This BibTeX bibliography file was created using BibDesk.
%% http://bibdesk.sourceforge.net/

%% Created for Nina Valkanova at 2016-08-07 20:55:49 +0200 


%% Saved with string encoding Unicode (UTF-8) 



@article{Rogers_2015,
	Author = {Jennifer, Preece and Yvonne, Rogers and Helen, Sharp},
	Date-Added = {2016-08-07 18:54:29 +0000},
	Date-Modified = {2016-08-07 18:55:43 +0000},
	Journal = {NY: Wiley},
	Number = {4th Edition},
	Title = {Interaction design: beyond humancomputer interaction},
	Year = {2015}}

@book{Mcquire_2009,
	Author = {McQuire, Scott and Martin, Meredith and Niederer, Sabine and others},
	Date-Added = {2016-08-07 16:58:28 +0000},
	Date-Modified = {2016-08-07 16:59:32 +0000},
	Number = {5},
	Publisher = {Institute of Network Cultures},
	Title = {Urban screens reader},
	Year = {2009}}

@book{Virilio_1991,
	Author = {Virilio, Paul},
	Date-Added = {2016-08-07 16:56:32 +0000},
	Date-Modified = {2016-08-07 16:59:46 +0000},
	Publisher = {Semiotext (e)},
	Title = {The lost dimension},
	Year = {1991}}

@book{Gehl_2013,
	Author = {Gehl, Jan},
	Date-Added = {2016-08-07 05:33:13 +0000},
	Date-Modified = {2016-08-07 05:33:40 +0000},
	Publisher = {Island press},
	Title = {Cities for people},
	Year = {2013}}

@book{Behrens_2016,
	Date-Added = {2016-07-28 19:59:28 +0000},
	Date-Modified = {2016-07-28 20:02:00 +0000},
	Editor = {Behrens, Moritz ; Berkes, Christian ; Wohlgemuth, Sophie},
	Publisher = {botopress, Berlin},
	Title = {Sentiment Architectures - A Field Trip to Behaviour and Cognition in Time and Space},
	Volume = {1},
	Year = {2016}}

@book{Manovich_2001,
	Author = {Manovich, Lev},
	Date-Added = {2016-07-27 15:00:07 +0000},
	Date-Modified = {2016-07-27 15:00:21 +0000},
	Publisher = {MIT press},
	Title = {The language of new media},
	Year = {2001}}

@book{Haeussler_2009,
	Author = {H{\"a}usler, Matthias},
	Date-Added = {2016-07-27 14:59:21 +0000},
	Date-Modified = {2016-07-27 15:01:48 +0000},
	Publisher = {Ludwigsburg: Av Edition},
	Title = {Media Facades: History, Technology, Content},
	Year = {2009}}

@book{Neumeyer_2002,
	Author = {Neumeyer, Fritz and Cepl, Jasper and Schnoor, Christoph and Landgrebe, Christiane and Pellnitz, Alexander},
	Date-Added = {2016-07-27 14:56:46 +0000},
	Date-Modified = {2016-07-27 15:00:38 +0000},
	Publisher = {Prestel},
	Title = {Quellentexte zur Architekturtheorie},
	Year = {2002}}

@book{Reeves_2011,
	Author = {Reeves, Stuart},
	Date-Added = {2016-07-27 09:27:09 +0000},
	Date-Modified = {2016-07-27 09:27:26 +0000},
	Publisher = {Springer Science \& Business Media},
	Title = {Designing interfaces in public settings: Understanding the role of the spectator in Human-Computer Interaction},
	Year = {2011}}

@article{Michelis_2011,
	Author = {Michelis, Daniel and M{\"u}ller, J{\"o}rg},
	Date-Added = {2016-07-27 08:51:12 +0000},
	Date-Modified = {2016-07-27 08:52:17 +0000},
	Journal = {Intl. Journal of Human--Computer Interaction},
	Number = {6},
	Pages = {562--579},
	Publisher = {Taylor \&amp; Francis},
	Title = {The audience funnel: Observations of gesture based interaction with multiple large displays in a city center},
	Volume = {27},
	Year = {2011}}

@inproceedings{Brignull_2003,
	Author = {Brignull, Harry and Rogers, Yvonne},
	Booktitle = {Proceedings of INTERACT},
	Date-Added = {2016-07-27 08:49:40 +0000},
	Date-Modified = {2016-07-27 08:51:35 +0000},
	Pages = {17--24},
	Title = {Enticing people to interact with large public displays in public spaces},
	Volume = {3},
	Year = {2003}}

@inproceedings{Vogel_2004,
	Author = {Vogel, Daniel and Balakrishnan, Ravin},
	Booktitle = {Proceedings of the 17th annual ACM symposium on User interface software and technology},
	Date-Added = {2016-07-27 08:46:20 +0000},
	Date-Modified = {2016-07-27 08:46:40 +0000},
	Organization = {ACM},
	Pages = {137--146},
	Title = {Interactive public ambient displays: transitioning from implicit to explicit, public to personal, interaction with multiple users},
	Year = {2004}}

@book{Dourish_2004,
	Author = {Dourish, Paul},
	Date-Added = {2016-07-27 08:31:04 +0000},
	Date-Modified = {2016-07-27 08:31:26 +0000},
	Publisher = {MIT press},
	Title = {Where the action is: the foundations of embodied interaction},
	Year = {2004}}

@inproceedings{Hornecker_2006,
	Author = {Hornecker, Eva and Buur, Jacob},
	Booktitle = {Proceedings of the SIGCHI conference on Human Factors in computing systems},
	Date-Added = {2016-07-27 08:28:40 +0000},
	Date-Modified = {2016-07-27 08:29:32 +0000},
	Organization = {ACM},
	Pages = {437--446},
	Title = {Getting a grip on tangible interaction: a framework on physical space and social interaction},
	Year = {2006}}

@inproceedings{Muller_2010,
	Author = {M{\"u}ller, J{\"o}rg and Alt, Florian and Michelis, Daniel and Schmidt, Albrecht},
	Booktitle = {Proceedings of the 18th ACM international conference on Multimedia},
	Date-Added = {2016-07-27 08:18:20 +0000},
	Date-Modified = {2016-07-27 08:18:46 +0000},
	Organization = {ACM},
	Pages = {1285--1294},
	Title = {Requirements and design space for interactive public displays},
	Year = {2010}}

@inproceedings{Akpan_2013,
	Author = {Akpan, Imeh and Marshall, Paul and Bird, Jon and Harrison, Daniel},
	Booktitle = {Proceedings of the SIGCHI Conference on Human Factors in Computing Systems},
	Date-Added = {2016-07-26 20:43:01 +0000},
	Date-Modified = {2016-07-26 20:43:48 +0000},
	Organization = {ACM},
	Pages = {2213--2222},
	Title = {Exploring the effects of space and place on engagement with an interactive installation},
	Year = {2013}}

@inproceedings{Fischer_2012,
	Author = {Fischer, Patrick Tobias and Hornecker, Eva},
	Booktitle = {Proceedings of the SIGCHI Conference on Human Factors in Computing Systems},
	Date-Added = {2016-07-26 20:41:51 +0000},
	Date-Modified = {2016-07-26 20:43:35 +0000},
	Organization = {ACM},
	Pages = {307--316},
	Title = {Urban HCI: spatial aspects in the design of shared encounters for media facades},
	Year = {2012}}

@article{Rogers_2011,
	Author = {Rogers, Yvonne},
	Date-Added = {2016-07-26 20:40:23 +0000},
	Date-Modified = {2016-07-26 20:43:22 +0000},
	Journal = {Interactions},
	Number = {4},
	Pages = {58--62},
	Publisher = {ACM},
	Title = {Interaction design gone wild: striving for wild theory},
	Volume = {18},
	Year = {2011}}

@article{Kindberg_2007,
	Author = {Kindberg, Tim and Chalmers, Matthew and Paulos, Eric},
	Date-Added = {2016-07-26 15:33:21 +0000},
	Date-Modified = {2016-07-26 15:34:07 +0000},
	Journal = {IEEE Pervasive Computing},
	Number = {3},
	Pages = {18--20},
	Title = {Urban computing},
	Volume = {6},
	Year = {2007}}

@article{Weiser_1991,
	Author = {Weiser, Mark},
	Date-Added = {2016-07-26 15:32:35 +0000},
	Date-Modified = {2016-07-26 15:34:22 +0000},
	Journal = {Scientific american},
	Number = {3},
	Pages = {94--104},
	Publisher = {Nature Publishing Group},
	Title = {The computer for the 21st century},
	Volume = {265},
	Year = {1991}}

@book{Gordon_2011,
	Author = {Gordon, Eric and e Silva, Adriana de Souza},
	Date-Added = {2016-07-26 11:26:23 +0000},
	Date-Modified = {2016-07-26 11:26:55 +0000},
	Publisher = {John Wiley \&amp; Sons},
	Title = {Net locality: Why location matters in a networked world},
	Year = {2011}}

@article{Hampton_2015,
	Author = {Hampton, Keith N and Goulet, Lauren Sessions and Albanesius, Garrett},
	Date-Added = {2016-07-26 11:23:57 +0000},
	Date-Modified = {2016-07-26 11:24:22 +0000},
	Journal = {Urban Studies},
	Number = {8},
	Pages = {1489--1504},
	Publisher = {Sage Publications},
	Title = {Change in the social life of urban public spaces: The rise of mobile phones and women, and the decline of aloneness over 30 years},
	Volume = {52},
	Year = {2015}}

@article{Lofland_1973,
	Author = {Lofland, Lyn},
	Date-Added = {2016-07-26 10:39:36 +0000},
	Date-Modified = {2016-07-26 10:40:05 +0000},
	Journal = {New York: Basic},
	Title = {A world of strangers},
	Year = {1973}}

@book{Turkle_2012,
	Author = {Turkle, Sherry},
	Date-Added = {2016-07-26 09:58:18 +0000},
	Date-Modified = {2016-07-26 09:58:34 +0000},
	Publisher = {Basic books},
	Title = {Alone together: Why we expect more from technology and less from each other},
	Year = {2012}}

@book{Tate_1988,
	Date-Added = {2016-07-26 08:21:43 +0000},
	Date-Modified = {2016-07-26 08:23:06 +0000},
	Publisher = {The Tate Gallery, London},
	Title = {The Tate Gallery 1984-86: Illustrated catalogue of Acquisitions Including Supplement to Catalogue of Acquisitions 1982-84},
	Year = {1988}}

@book{Hillier_1989,
	Author = {Hillier, Bill and Hanson, Julienne},
	Date-Added = {2016-07-25 10:28:38 +0000},
	Date-Modified = {2016-07-25 10:28:58 +0000},
	Publisher = {Cambridge university press},
	Title = {The social logic of space},
	Year = {1989}}

@book{Jacobs_1961,
	Author = {Jacobs, Death},
	Date-Added = {2016-07-25 10:28:10 +0000},
	Date-Modified = {2016-07-25 10:29:17 +0000},
	Publisher = {New York: Random House},
	Title = {Life of Great American Cities},
	Year = {1961}}

@book{Whyte_1980,
	Author = {Whyte, William H.},
	Date-Added = {2016-07-25 09:41:42 +0000},
	Date-Modified = {2016-07-25 09:43:12 +0000},
	Journal = {Washington, DC: The Conservation Foundation},
	Title = {The social life of small urban spaces},
	Year = {1980}}

@inproceedings{fatah_2010,
	Author = {Fatah gen Schieck, A and O'Neill, Eamonn and Kataras, P},
	Booktitle = {Workshop on Designing for Performative Interactions in Public Spaces, UbiComp 2010},
	Date-Added = {2016-07-25 09:38:24 +0000},
	Date-Modified = {2016-07-25 09:38:24 +0000},
	Organization = {University of Bath},
	Title = {Exploring embodied mediated performative interactions in urban space},
	Year = {2010}}

@book{Goffman_1966,
	Author = {Goffman, E.},
	Date-Added = {2016-07-25 09:38:24 +0000},
	Date-Modified = {2016-07-25 09:38:24 +0000},
	Title = {Behaviour in Public Places. The Free Press, New York.},
	Year = {1966.}}

@inproceedings{behrens_2013,
	Author = {Behrens, Moritz and Fatah gen Schieck, Ava and Kostopoulou, Efsathia and North, Steve and Motta, Wallis and Ye, Lei and Schnadelbach, Holger},
	Booktitle = {Proceedings of the 2nd ACM International Symposium on Pervasive Displays},
	Date-Added = {2016-07-25 09:38:24 +0000},
	Date-Modified = {2016-07-25 09:38:24 +0000},
	Organization = {ACM},
	Pages = {79--84},
	Title = {Exploring the effect of spatial layout on mediated urban interactions},
	Year = {2013}}

@inproceedings{Oneill_2006,
	Author = {O'Neill, Eamonn and Kostakos, Vassilis and Kindberg, Tim and Penn, Alan and Fraser, Dana{\"e} Stanton and Jones, Tim and others},
	Booktitle = {International Conference on Ubiquitous Computing},
	Date-Added = {2016-07-25 09:38:24 +0000},
	Date-Modified = {2016-07-25 09:38:24 +0000},
	Organization = {Springer},
	Pages = {315--332},
	Title = {Instrumenting the city: Developing methods for observing and understanding the digital cityscape},
	Year = {2006}}

@article{Fatah_2006,
	Author = {Fatah gen. Schieck, Ava},
	Date-Added = {2016-07-25 09:38:24 +0000},
	Date-Modified = {2016-07-25 09:38:24 +0000},
	Journal = {first monday},
	Number = {4},
	Publisher = {published in cooperation with the University Library at the University of Illinois at Chicago},
	Title = {Towards an integrated architectural media space},
	Volume = {11},
	Year = {2006}}

@book{Mitchell_1995,
	Author = {Mitchell, William J.},
	Date-Added = {2016-07-25 09:38:24 +0000},
	Date-Modified = {2016-07-25 09:38:24 +0000},
	Publisher = {MIT Press},
	Read = {0},
	Title = {City of Bits: Space, Place, and the Infobahn},
	Year = {1995}}

@book{Hemment_2013,
	Author = {Hemment, Drew and Townsend, Anthony},
	Date-Added = {2016-07-25 09:38:24 +0000},
	Date-Modified = {2016-07-25 09:38:24 +0000},
	Publisher = {FutureEverything Publications},
	Title = {Smart citizens},
	Volume = {4},
	Year = {2013}}

@inproceedings{Behrens_2014,
	Acmid = {2611036},
	Address = {New York, NY, USA},
	Articleno = {19},
	Author = {Behrens, Moritz and Valkanova, Nina and gen. Schieck, Ava Fatah and Brumby, Duncan P.},
	Booktitle = {Proceedings of The International Symposium on Pervasive Displays},
	Date-Added = {2016-07-25 09:38:24 +0000},
	Date-Modified = {2016-07-25 09:38:24 +0000},
	Doi = {10.1145/2611009.2611036},
	Isbn = {978-1-4503-2952-1},
	Keywords = {Urban screens, media architectural interfaces, media architecture, media facades, tangible interfaces},
	Location = {Copenhagen, Denmark},
	Numpages = {6},
	Pages = {19:19--19:24},
	Publisher = {ACM},
	Series = {PerDis '14},
	Title = {Smart Citizen Sentiment Dashboard: A Case Study Into Media Architectural Interfaces},
	Url = {http://doi.acm.org/10.1145/2611009.2611036},
	Year = {2014},
	Bdsk-Url-1 = {http://doi.acm.org/10.1145/2611009.2611036},
	Bdsk-Url-2 = {http://dx.doi.org/10.1145/2611009.2611036}}
